<record><leader>00000cas a2200000 a 4500</leader><controlfield tag="001">2261334</controlfield><controlfield tag="008">760620d19701971cauwr ne      0    0eng d</controlfield><datafield ind1=" " ind2=" " tag="010"><subfield code="a">sn 94053357 </subfield><subfield code="z">   94053357 </subfield></datafield><datafield ind1=" " ind2=" " tag="040"><subfield code="a">PIT</subfield><subfield code="b">eng</subfield><subfield code="c">PIT</subfield><subfield code="d">IUL</subfield><subfield code="d">CNW</subfield><subfield code="d">DLC</subfield><subfield code="d">OCL</subfield><subfield code="d">OCLCQ</subfield><subfield code="d">OCLCF</subfield><subfield code="d">OCLCO</subfield></datafield><datafield ind1="1" ind2=" " tag="029"><subfield code="a">AU@</subfield><subfield code="b">000012445973</subfield></datafield><datafield ind1="0" ind2=" " tag="041"><subfield code="a">engspa</subfield></datafield><datafield ind1=" " ind2=" " tag="042"><subfield code="a">msc</subfield></datafield><datafield ind1=" " ind2=" " tag="043"><subfield code="a">n-us-ca</subfield></datafield><datafield ind1="0" ind2=" " tag="130"><subfield code="a">Free you (Palo Alto, Calif.)</subfield></datafield><datafield ind1="1" ind2="0" tag="245"><subfield code="a">Free you.</subfield></datafield><datafield ind1=" " ind2=" " tag="260"><subfield code="a">Palo Alto, Calif. :</subfield><subfield code="b">Free You</subfield></datafield><datafield ind1=" " ind2=" " tag="300"><subfield code="a">v.</subfield></datafield><datafield ind1=" " ind2=" " tag="310"><subfield code="a">Weekly</subfield></datafield><datafield ind1="1" ind2=" " tag="362"><subfield code="a">Began in 1970; ceased in 1971.</subfield></datafield><datafield ind1=" " ind2=" " tag="546"><subfield code="a">In English and Spanish, Jan. 28-&lt;Feb. 3&gt;, 1971.</subfield></datafield><datafield ind1=" " ind2=" " tag="580"><subfield code="a">Merged with: Venceremos (Redwood City, Calif.), to form: Venceremos (Palo Alto, Calif. : 1971).</subfield></datafield><datafield ind1=" " ind2=" " tag="588"><subfield code="a">Description based on: No. 9 (July 9, 1970).</subfield></datafield><datafield ind1=" " ind2="0" tag="650"><subfield code="a">Underground press publications</subfield><subfield code="z">California</subfield><subfield code="z">Palo Alto.</subfield></datafield><datafield ind1=" " ind2="0" tag="650"><subfield code="a">Civil rights movements</subfield><subfield code="z">California</subfield><subfield code="v">Newspapers.</subfield></datafield><datafield ind1=" " ind2="0" tag="651"><subfield code="a">Palo Alto (Calif.)</subfield><subfield code="v">Newspapers.</subfield></datafield><datafield ind1=" " ind2="7" tag="655"><subfield code="a">Newspapers.</subfield><subfield code="2">fast</subfield><subfield code="0">(OCoLC)fst01423814</subfield></datafield><datafield ind1=" " ind2="7" tag="650"><subfield code="a">Civil rights movements.</subfield><subfield code="2">fast</subfield><subfield code="0">(OCoLC)fst00862708</subfield></datafield><datafield ind1=" " ind2="7" tag="650"><subfield code="a">Underground press publications.</subfield><subfield code="2">fast</subfield><subfield code="0">(OCoLC)fst01160984</subfield></datafield><datafield ind1=" " ind2="7" tag="651"><subfield code="a">California.</subfield><subfield code="2">fast</subfield><subfield code="0">(OCoLC)fst01204928</subfield></datafield><datafield ind1=" " ind2="7" tag="651"><subfield code="a">California</subfield><subfield code="z">Palo Alto.</subfield><subfield code="2">fast</subfield><subfield code="0">(OCoLC)fst01212098</subfield></datafield><datafield ind1=" " ind2=" " tag="752"><subfield code="a">United States</subfield><subfield code="b">California</subfield><subfield code="c">Santa Clara</subfield><subfield code="d">Palo Alto.</subfield></datafield><datafield ind1="1" ind2="7" tag="785"><subfield code="t">Venceremos (Redwood City, Calif.)</subfield><subfield code="w">(OCoLC)14279195</subfield></datafield><datafield ind1="1" ind2="7" tag="785"><subfield code="t">Venceremos (Palo Alto, Calif. : 1971)</subfield><subfield code="w">(OCoLC)14178816</subfield></datafield><datafield ind1=" " ind2=" " tag="936"><subfield code="a">INC</subfield></datafield></record>